<?xml version="1.0" encoding="UTF-8"?><collection xmlns="http://www.loc.gov/MARC21/slim"><record><leader>00469nam--2200133-i-4500</leader><controlfield tag="001">000020493</controlfield><controlfield tag="002">20161230</controlfield><controlfield tag="005">20161230201033</controlfield><controlfield tag="008">060222s1000------------r-----000-0-eng-d</controlfield><datafield ind1=" " ind2=" " tag="080"><subfield code="a">621.373(043)</subfield></datafield><datafield ind1=" " ind2=" " tag="100"><subfield code="a">Nicolae Georgesccu</subfield></datafield><datafield ind1=" " ind2=" " tag="245"><subfield code="a">Studiul si elaborarea unor generatoare de alimentare de inalta tensiune sau curent de mare intensitate pentru dispozitive de accelerare a prticulelor. rezumatul tezei</subfield></datafield><datafield ind1=" " ind2=" " tag="260"><subfield code="a">Bucuresti-magurele, Ifa, 1995 67 P</subfield></datafield><datafield ind1=" " ind2=" " tag="852"><subfield code="a">80339</subfield></datafield></record></collection>